@misc{riede_rotationvibration,
  author = {Riede, Volker  and Kranert, Christian},
  publisher = {Fakultät für Physik und Geowissenschaften},
  title = {Rotation-Vibration Spectra of Molecules Experiment for the Advanced Physics Laboratory Course},
  url = {http://www.uni-leipzig.de/%7Ephysfp/manuals/RotVib_englisch.pdf}
}

@article{article,
author = {Lórenz-Fonfría, Víctor and Padrós, Esteve},
year = {2009},
month = {08},
pages = {791-9},
title = {The Role and Selection of the Filter Function in Fourier Self-Deconvolution Revisited},
volume = {63},
journal = {Applied spectroscopy},
doi = {10.1366/000370209788701161}
}

@misc{nave_rotational,
  author = {Nave, R},
  title = {Rotational Spectra of Rigid Rotor Molecules},
  url = {http://hyperphysics.phy-astr.gsu.edu/hbase/molecule/rotrig.html#c3},
  organization = {Hyperphysics}
}

@misc{nave_quantum,
  author = {Nave, R},
  title = {Quantum Harmonic Oscillator},
  url = {http://hyperphysics.phy-astr.gsu.edu/hbase/quantum/hosc.html},
  organization = {Hyperphysics}
}