@misc{automerisio,
  title = {automeris.io: AI assisted data extraction from charts using WebPlotDigitizer},
  url = {https://automeris.io/},
  organization = {automeris.io}
}