@article{samadi_2019_design,
  author = {Samadi, Morasae and Zirak, Mohammad and Naseri, Amene and Kheirabadi, Malihe and Ebrahimi, Mahdi and Moshfegh, Alireza Z.},
  month = {01},
  pages = {2197-2254},
  title = {Design and tailoring of one-dimensional ZnO nanomaterials for photocatalytic degradation of organic dyes: a review},
  doi = {10.1007/s11164-018-03729-5},
  volume = {45},
  year = {2019},
  journal = {Research on Chemical Intermediates}
}

@article{urata_2016_higher,
  author = {Urata, Shingo and Li, Shaofan},
  month = {08},
  pages = {159-181},
  title = {Higher order Cauchy–Born rule based multiscale cohesive zone model and prediction of fracture toughness of silicon thin films},
  doi = {10.1007/s10704-016-0147-1},
  volume = {203},
  year = {2016},
  journal = {International Journal of Fracture}
}

@book{bernarddeniscullity_2015_elements,
  author = {Bernard Denis Cullity and Stock, Stuart R and Education, India},
  publisher = {Pearson India Education Services},
  title = {Elements of X-ray diffraction},
  year = {2015}
}

@misc{leiem_2019_copperii,
  author = {Leiem},
  month = {09},
  title = {Copper(II) Fluoride Dihydrate},
  url = {https://commons.wikimedia.org/wiki/File:Copper(II)_fluoride_dihydrate.jpg},
  urldate = {2024-06-02},
  year = {2019},
  organization = {Wikimedia Commons}
}

@misc{june2005_2005_calcium,
  author = {June 2005, Picture taken by w:User:Walkerma in},
  month = {06},
  title = {Calcium Fluoride},
  url = {https://commons.wikimedia.org/wiki/File:Calcium_fluoride.jpg},
  urldate = {2024-06-02},
  year = {2005},
  organization = {Wikimedia Commons}
}

@misc{keresluna_2023_copper,
  author = {Keresluna},
  month = {11},
  title = {Copper (I) Chloride},
  url = {https://commons.wikimedia.org/wiki/File:Copper(I)_chloride_pure.jpg},
  year = {2023},
  organization = {Wikimedia Commons}
}

@article{shirokanev_2019_the,
  author = {Shirokanev, A S and Kirsh, Dmitriy and Kupriyanov, Alexander},
  month = {11},
  pages = {052040-052040},
  publisher = {IOP Publishing},
  title = {The study of effectiveness of a high-performance crystal lattice parametric identification algorithm based on CUDA technology},
  doi = {10.1088/1742-6596/1368/5/052040},
  volume = {1368},
  year = {2019},
  journal = {Journal of physics}
}

@book{lotharspie_2019_moderne,
  author = {Lothar Spieß and Teichert, Gerd and Schwarzer, Robert and Behnken, Herfried and Genzel, Christoph},
  month = {04},
  publisher = {Springer-Verlag},
  title = {Moderne Röntgenbeugung},
  year = {2019}
}

@book{kittel_1955_solid,
  author = {Kittel, Charles},
  publisher = {Emeryville, Calif., Shell Development Co},
  title = {Solid state physics;},
  year = {1955}
}

@book{ashcroft_1976_solid,
  author = {Ashcroft, Neil W and N. David Mermin},
  publisher = {Cengage Learning},
  title = {Solid State Physics},
  year = {1976}
}

@book{buschow_2001_encyclopedia,
  author = {Buschow, K H J},
  publisher = {Elsevier},
  title = {Encyclopedia of materials : science and technology},
  url = {https://www.sciencedirect.com/referencework/9780080431529/encyclopedia-of-materials-science-and-technology},
  year = {2001}
}

@book{passchier_2013_microtectonics,
  author = {Passchier, C W and R  A  J Trouw},
  publisher = {Springer},
  title = {Microtectonics},
  year = {2013}
}

@misc{_2016_relation,
  author = {, do-the-thing-please},
  month = {03},
  title = {Relation between burgers vector and direction of motion for dislocations?},
  url = {https://engineering.stackexchange.com/questions/7864/relation-between-burgers-vector-and-direction-of-motion-for-dislocations},
  year = {2016},
  organization = {Engineering Stack Exchange}
}

@misc{wikipediacontributors_2019_braggs,
  author = {Wikipedia Contributors},
  month = {05},
  publisher = {Wikimedia Foundation},
  title = {Bragg's law},
  url = {https://en.wikipedia.org/wiki/Bragg%27s_law},
  year = {2019},
  organization = {Wikipedia}
}