@misc{jung_2018_dopplerfree,
  author = {Jung, Florian},
  title = {Doppler-free Rb saturation spectroscopy},
  year = {2018}
}

@book{demtroder_2008_laser,
  author = {Demtroder, W.},
  publisher = {Springer-Verlag},
  title = {Laser spectroscopy. Vol. 1 : basic principles},
  year = {2008}
}

@misc{wikipediacontributors_2019_semiconductor,
  author = {Wikipedia Contributors},
  month = {03},
  publisher = {Wikimedia Foundation},
  title = {Semiconductor},
  url = {https://en.wikipedia.org/wiki/Semiconductor},
  year = {2019},
  organization = {Wikipedia}
}

@misc{wikipediacontributors_2019_doping,
  author = {Wikipedia Contributors},
  month = {09},
  publisher = {Wikimedia Foundation},
  title = {Doping (semiconductor)},
  url = {https://en.wikipedia.org/wiki/Doping_(semiconductor)},
  year = {2019},
  organization = {Wikipedia}
}

@misc{asteck_alkali,
  author = {A. Steck, Daniel},
  title = {Alkali D Line Data},
  url = {https://steck.us/alkalidata/},
  organization = {steck.us}
}

@article{nakayama_1984_theoretical,
  author = {Nakayama, Shigeru},
  month = {07},
  pages = {879-879},
  publisher = {Institute of Physics},
  title = {Theoretical Analysis of Rb and Cs D<sub>2</sub> Lines in Saturation Spectroscopy with Optical Pumping},
  doi = {10.1143/jjap.23.879},
  urldate = {2024-06-24},
  volume = {23},
  year = {1984},
  journal = {Japanese journal of applied physics}
}

@misc{a2024_free,
  month = {05},
  title = {Free spectral range},
  url = {https://en.wikipedia.org/wiki/Free_spectral_range#:~:text=Free%20spectral%20range%20(FSR)%20is},
  year = {2024},
  organization = {Wikipedia}
}