@inproceedings{King2010AbsorptionAF,
  title={Absorption and Fluorescence of Molecular Iodine},
  author={Kaitlynn A King and Ch. Arnold},
  year={2010},
  url={https://api.semanticscholar.org/CorpusID:30027125}
}

@misc{riede_optical,
  author = {Riede, Volker},
  publisher = {Universit√§t Leipzig},
  title = {Optical spectroscopy of colour centres and molecules (Franck-Condon principle)},
  url = {http://www.uni-leipzig.de/%7Ephysfp/manuals/Farbzentren_EN_04_2015.pdf}
}