@misc{plotzki_2024_highresolution,
  author = {Plotzki, David},
  month = {03},
  publisher = {Faculty of Physics and Earth System Sciences},
  title = {High-Resolution Gamma Spectrometry with the Ge-Semiconductor Detector},
  url = {http://www.uni-leipzig.de/%7Ephysfp/manuals/Gamma_NEU_en.pdf},
  year = {2024}
}

@misc{_2020_compton,
  author = {, Wikipedia Contributors},
  month = {08},
  title = {Compton scattering},
  url = {https://en.wikipedia.org/wiki/Compton_scattering},
  year = {2020},
  organization = {Wikipedia}
}

@misc{wikipediacontributors_2019_valence,
  author = {Wikipedia Contributors},
  month = {09},
  publisher = {Wikimedia Foundation},
  title = {Valence and conduction bands},
  url = {https://en.wikipedia.org/wiki/Valence_and_conduction_bands},
  year = {2019},
  organization = {Wikipedia}
}